4300 6217
246 612 395 726 Ad
421 612 617 724 classes
650 627 724 718 et
732 601 963 716 Ordines
978 599 1140 744 quod
1156 616 1387 747 spectat,
1399 604 1547 709 nihil
1572 603 1665 710 de·

173 780 418 892 ¹Linnaei
424 751 754 922 systemate
729 801 797 875 tn
818 769 925 878 h‘oc
940 765 1240 906 Opus'culo,
1264 769 1321 872 in
1347 800 1453 906 quo
1479 764 1646 948 deiris

176 934 472 1060 ¹disserendi
495 951 610 1048 ιιοιι
626 953 732 1076 erat
756 932 938 1062 locus,
958 928 1274 1034 immutavi.

176 1205 204 1224 ,
250 1100 379 1206 ln
402 1089 690 1208 Generibus
715 1112 787 1198 et
795 1085 1069 1228 Speciebus
1094 1085 1521 1223 determinandis,
1512 1139 1517 1152 ·
1545 1085 1647 1193 des·

175 1257 556 1396 canendisque·
570 1252 988 1393 quammaximum
1014 1251 1187 1388 potui,
1211 1245 1648 1387 diligentiamad-

191 1422 346 1528 hibui.
391 1415 629 1524 Iconibus
663 1444 784 1515 non
811 1412 911 1520 nisi
952 1442 1088 1514 nova
1129 1407 1417 1529 Generaet
1452 1406 1649 1518 Dniaae
1771 1499 1786 1512 .

192 1582 461 1720 Speciem,
492 1579 643 1683 etiam
667 1601 855 1676 novam
881 1563 1171 1701 reformati,
1201 1589 1287 1672 aut
1310 1569 1480 1707 potius
1504 1571 1650 1673 resti-

135 1765 139 1772 ’
192 1745 291 1846 tuti
309 1738 522 1840 Generis
535 1732 850 1866 ,illustravi,
870 1730 1062 1867 quippe
1079 1729 1281 1868 privato
1301 1751 1503 1868 sumptu
1520 1761 1649 1868 opus

190 1924 465 2037 aggressus
485 1893 774 2029 Dernceps
757 1914 828 1994 ιιι
844 1889 900 1992 in
896 1888 1013 1992 hac
1028 1910 1173 2029 parte
1188 1920 1269 1994 me
1286 1920 1474 2027 geram,
1493 1912 1648 2052 prout

178 2089 308 2201 ἶῙιιιι
298 2056 578 2186 facultates
593 2047 877 2200 liceiaiL.
1479 2145 1487 2156 .
1613 2143 1626 2157 .

313 2219 423 2349 Jam
456 2200 614 2347 vero,
657 2216 700 2317 si
735 2195 793 2350 ut
803 2210 1204 2370 plerumque
1164 2212 1257 2349 fit,
1294 2214 1524 2328 harum
1506 2171 1648 2400 rppu-

105 2474 110 2482 ,
192 2411 304 2487 rum
353 2379 646 2488 Plantarum
676 2336 1058 2510 animust,
1010 2409 1119 2508 me
1145 2365 1411 2515 qudem
1387 2357 1570 2492 inscio
1592 2376 1646 2476 in

192 2541 333 2646 tanta
375 2534 646 2644 Librorum
696 2561 981 2643 exterorum
1021 2557 1234 2676 propter
1274 2533 1459 2641 betti
1443 2566 1648 2641 rncom·

191 2698 345 2803 moda
372 2699 606 2838 penuria,
624 2722 708 2804 aut
731 2696 994 2834 evulgatae
1006 2701 1108 2832 jam
1127 2699 1256 2830 sint,
1281 2701 1438 2800 autin
1456 2696 1646 2835 Hispa·

194 2862 278 2960 nii
321 2859 422 2963 hoc
450 2858 628 2965 eodem
656 2881 924 2993 tempore,
962 2889 1065 2994 quo
1111 2857 1236 2961 haec
1269 2853 1466 2988 scribo,
1504 2858 1649 2959 evul·
1779 2843 1781 2852 ⁴

196 3009 492 3153 gabuntur3
527 3016 581 3123 id
613 3018 981 3155 impedimento
1013 3047 1120 3119 esse
1155 3049 1258 3119 non
1300 3013 1487 3151 debet,
1512 3050 1649 3154 quo·

193 3177 360 3279 minus
395 3205 480 3281 sua
516 3180 731 3316 quisque
764 3172 1026 3282 observata
1059 3177 1113 3277 in
1148 3173 1368 3281 medium
1409 3175 1644 3314 proferat.

193 3333 309 3470 Ego
343 3335 483 3476 quod
517 3334 581 3442 ad
605 3369 687 3441 me
725 3340 939 3466 attinet,
974 3336 1328 3474 incorruptum
1365 3339 1645 3473 sapientum

193 3487 556 3600 Botanicorum
599 3481 622 3641 (
636 3491 820 3634 quibus
854 3496 1044 3598 semma
1089 3493 1334 3601 mittenda
1377 3497 1646 3605 confestim

193 3637 687 3800 curabo)judicium
717 3651 938 3761 libenter
977 3650 1203 3791 subibo,
1248 3679 1300 3761 et
1331 3655 1645 3764 admonitio-

191 3843 282 3915 nes
316 3845 422 3917 non
456 3812 614 3919 modo
655 3843 858 3954 aquo,
897 3811 984 3919 sed
1027 3817 1175 3919 etiam
1214 3819 1366 3920 alacri
1409 3825 1462 3924 et
1497 3841 1646 3956 grato

190 3974 365 4075 animo
398 3976 656 4112 accipiam.
684 3849 779 4080 {is
809 3998 975 4081 autem
1008 3970 1389 4114 scriptoribus,
1422 3978 1511 4116 qui
1544 4010 1644 4086 no·

179 4131 398 4248 -tissimis
443 4137 498 4237 in
539 4134 787 4272 Hispania
823 4137 986 4243 causis
1018 4134 1222 4274 impulsi
1262 4169 1343 4241 me
1384 4160 1644 4247 nontam

188 4292 441 4396 rationum
466 4297 761 4430 momentis,
778 4293 926 4432 quim
945 4297 1195 4400 conviciis
1215 4300 1643 4439 oppugnaverint,

189 4482 296 4553 non
346 4452 683 4591 respondendi
735 4459 1100 4598 propositum,
1141 4456 1282 4593 quod
1320 4458 1350 4562 i
1392 4455 1642 4595 cordatis,

189 4611 598 4752 gravissimisque
641 4618 764 4719 viris
809 4619 1106 4725 cohortatus
1154 4618 1367 4724 antehac
1406 4641 1644 4758 sequutus

187 4798 346 4910 sum,
375 4771 633 4884 mordicus
666 4773 889 4888 tenebo:
928 4799 981 4886 et
1013 4781 1341 4920 quantumuis
1379 4810 1461 4888 me
1494 4782 1642 4920 ipso·

230 4991 235 5000 ·
1525 4970 1638 5048 rum
